
@article{deisenbock_concise_2005,
	title = {Concise and consistent naming},
	volume = {14},
	url = {https://api.semanticscholar.org/CorpusID:9061820},
	journal = {Software Quality Journal},
	author = {Deißenböck, Florian and Pizka, Markus},
	year = {2005},
	pages = {261--282},
}

@article{shinyama_improving_2021,
	title = {Improving {Semantic} {Consistency} of {Variable} {Names} with {Use}-{Flow} {Graph} {Analysis}},
	url = {https://api.semanticscholar.org/CorpusID:246945308},
	journal = {2021 28th Asia-Pacific Software Engineering Conference (APSEC)},
	author = {Shinyama, Yusuke and Arahori, Yoshitaka and Gondow, Katsuhiko},
	year = {2022},
	pages = {223--232},
}
